<record><leader>00000cas a22000007a 4500</leader><controlfield tag="001">22368199</controlfield><controlfield tag="008">900913d19171925mnudn ne      0    0eng d</controlfield><datafield ind1=" " ind2=" " tag="010"><subfield code="a">sn 90060315 </subfield></datafield><datafield ind1=" " ind2=" " tag="040"><subfield code="a">MN#</subfield><subfield code="b">eng</subfield><subfield code="c">MN#</subfield><subfield code="d">OCLCQ</subfield><subfield code="d">OCLCF</subfield><subfield code="d">OCLCO</subfield></datafield><datafield ind1="1" ind2=" " tag="029"><subfield code="a">AU@</subfield><subfield code="b">000025906671</subfield></datafield><datafield ind1=" " ind2=" " tag="042"><subfield code="a">msc</subfield></datafield><datafield ind1=" " ind2=" " tag="043"><subfield code="a">n-us-mn</subfield></datafield><datafield ind1=" " ind2=" " tag="052"><subfield code="a">4144</subfield><subfield code="b">R7</subfield></datafield><datafield ind1=" " ind2=" " tag="052"><subfield code="a">4143</subfield><subfield code="b">O4</subfield></datafield><datafield ind1="0" ind2="0" tag="245"><subfield code="a">Rochester daily post and record.</subfield></datafield><datafield ind1="1" ind2="7" tag="246"><subfield code="a">Daily post and record</subfield></datafield><datafield ind1="1" ind2="3" tag="246"><subfield code="a">Post and record</subfield></datafield><datafield ind1=" " ind2=" " tag="260"><subfield code="a">Rochester, Olmsted County, Minn. :</subfield><subfield code="b">Blakely Print. Co.,</subfield><subfield code="c">1917-1925.</subfield></datafield><datafield ind1=" " ind2=" " tag="300"><subfield code="a">9 v.</subfield></datafield><datafield ind1=" " ind2=" " tag="310"><subfield code="a">Daily (except Sun.)</subfield></datafield><datafield ind1="0" ind2=" " tag="362"><subfield code="a">Vol. 26, no. 204 (Oct. 1, 1917)-v. 34, no. 48 (Mar. 28, 1925).</subfield></datafield><datafield ind1=" " ind2=" " tag="530"><subfield code="a">Available on microfilm from the Minnesota Historical Society.</subfield></datafield><datafield ind1=" " ind2="0" tag="651"><subfield code="a">Rochester (Minn.)</subfield><subfield code="v">Newspapers.</subfield></datafield><datafield ind1=" " ind2="7" tag="655"><subfield code="a">Newspapers.</subfield><subfield code="2">fast</subfield><subfield code="0">(OCoLC)fst01423814</subfield></datafield><datafield ind1=" " ind2="7" tag="651"><subfield code="a">Minnesota</subfield><subfield code="z">Rochester.</subfield><subfield code="2">fast</subfield><subfield code="0">(OCoLC)fst01204687</subfield></datafield><datafield ind1=" " ind2=" " tag="752"><subfield code="a">United States</subfield><subfield code="b">Minnesota</subfield><subfield code="c">Olmsted</subfield><subfield code="d">Rochester.</subfield></datafield><datafield ind1="0" ind2="0" tag="780"><subfield code="t">Daily post and record</subfield><subfield code="w">(DLC)sn 90060310</subfield><subfield code="w">(OCoLC)1764436</subfield></datafield><datafield ind1="0" ind2="7" tag="785"><subfield code="t">Rochester daily bulletin</subfield><subfield code="w">(DLC)sn 90060318</subfield></datafield><datafield ind1="0" ind2="7" tag="785"><subfield code="t">Rochester post-bulletin</subfield><subfield code="w">(DLC)sn 83016761</subfield></datafield></record>